
@article{Nevo2001,
       author = {Aviv Nevo},
       title = {Measuring Market Power in the Ready-to-Eat Cereal Industry},
       journal = {Econometrica},
       volume = {69},
       number = {2},
       pages = {307--342},
       year = {2001},
       doi = {10.2307/2692234}
       },
       
       
@article{NeslinandShoemaker1983,
 author = {Scott A. Neslin and Robert W. Shoemaker},
  title = {Using a Natural Experiment to Estimate Price Elasticity: The 1974 Sugar Shortage and the Ready-to-Eat Cereal Market},
 journal = {Journal of Marketing},
  volume = {47},
 number = {1},
 pages = {44--57},
 year = {1983},
 doi = {10.2307/3203426}
},

@article{Scherer1979,
 author = {F. M. Scherer},
  title = {The Welfare Economics of Product Variety: An Application to the Ready-to- Eat Cereals Industry},
 journal = {The Journal of Industrial Economics},
  volume = {28},
 number = {2},
 pages = {113--134},
 year = {1979},
 doi = {10.2307/2098031}
},


@article{StanleyandTschirhart1991,
 author = {Linda R. Stanley and John Tschirhart},
  title = {Hedonic Prices for a Nondurable Good: The Case of Breakfast Cereals},
 journal = {The Review of Economics and Statistics},
  volume = {73},
 number = {3},
 pages = {537--541},
 year = {1991},
 doi = {10.2307/2109582}
},

@article{RussellandBolton1988,
 author = {Gary J. Russell and Ruth N. Bolton},
  title = {Implications of Market Structure for Elasticity Structure},
 journal = {Journal of Marketing Research},
  volume = {25},
 number = {3},
 pages = {229--241},
 year = {1988},
 doi = {10.2307/3172526}
}
