
@article{Nevo2001,
       author = {Aviv Nevo},
       title = {Measuring Market Power in the Ready-to-Eat Cereal Industry},
       journal = {Econometrica},
       volume = {69},
       number = {2},
       pages = {307--342},
       year = {2001},
       doi = {10.2307/2692234}
       },
       
       
@article{NeslinandShoemaker1983,
 author = {Scott A. Neslin and Robert W. Shoemaker},
  title = {Using a Natural Experiment to Estimate Price Elasticity: The 1974 Sugar Shortage and the Ready-to-Eat Cereal Market},
 journal = {Journal of Marketing},
  volume = {47},
 number = {1},
 pages = {44--57},
 year = {1983},
 doi = {10.2307/3203426}
},

@article{RussellandBolton1988,
 author = {Gary J. Russell and Ruth N. Bolton},
  title = {Implications of Market Structure for Elasticity Structure},
 journal = {Journal of Marketing Research},
  volume = {25},
 number = {3},
 pages = {229--241},
 year = {1988},
 doi = {10.2307/3172526}
},

@article{Scherer1979,
 author = {F. M. Scherer},
  title = {The Welfare Economics of Product Variety: An Application to the Ready-to- Eat Cereals Industry},
 journal = {The Journal of Industrial Economics},
  volume = {28},
 number = {2},
 pages = {113--134},
 year = {1979},
 doi = {10.2307/2098031}
},

@article{NormanandThisse1996,
 author = {George Norman and Jacques-Fran√ßois Thisse},
  title = {Product Variety and Welfare under Tough and Soft Pricing Regimes},
 journal = {The Economic Journal},
 volume = {106},
 number = {434},
 pages = {76--91},
 year = {1996},
 doi = {10.2307/2234932}
},

@article{StanleyandTschirhart1991,
 author = {Linda R. Stanley and John Tschirhart},
  title = {Hedonic Prices for a Nondurable Good: The Case of Breakfast Cereals},
 journal = {The Review of Economics and Statistics},
  volume = {73},
 number = {3},
 pages = {537--541},
 year = {1991},
 doi = {10.2307/2109582}
},

@article{AlessandriaandKaboski2011,
 author = {George Alessandria and Joseph P. Kaboski},
  title = {Pricing-to-Market and the Failure of Absolute PPP},
 journal = {American Economic Journal: Macroeconomics},
 number = {1},
  volume = {3},
 pages = {91--127},
 year = {2011},
 doi = {10.2307/41237133}
},

@article{EhrenbergandEngland1990,
 author = {A. S. C. Ehrenberg and L. R. England},
 title = {Generalising a Pricing Effect},
 journal = {The Journal of Industrial Economics},
 volume = {39},
 number = {1},
 pages = {47--68},
 year = {1990},
 doi = {10.2307/2098367}
}
